@book{levit,
   title={Introduction to The Design and Analysis of Algorithms},
   author={Anany Levitin},
   isbn={9780132316811},
   year={2012},
   publisher={Pearson},
   keywords={algorithms},
   edition=3
}
@book{algo,
   title={Algorithm Design: Foundations, Analysis, and Internet Examples},
   pages={268-270},
   author={Michael T. Goodrich and Roberto Tamassia},
   isbn={9780471383659},
   year={2001},
   publisher={Wiley},
   edition=1
}
@article{cplus,
   publisher={ISO},
   title={Working Draft, Standard for Programming Language C++},
   year={2011},
   volume={N3225},
   pages={911},
   note={\url{http://www.open-std.org/JTC1/SC22/WG21/docs/papers/2011/n3242.pdf}}
}
      
