@book{levit,
   title={Introduction to The Design and Analysis of Algorithms},
   author={Anany Levitin},
   isbn={9780132316811},
   year={2012},
   publisher={Pearson},
   keywords={algorithms},
   edition=3
}
@article{anal,
   publisher={Journal of Algorithms},
   title={The Analysis of Heapsort},
   volume={15},
   number={1},
   pages={76--100},
   author={R. Schaffer and Robert Sedgewick},
   year={1993}
}
@book{aocp,
   author={Donald Knuth},
   publisher={Addison-Wesley},
   title={The Art of Computer Programming},
   isbn={9780201896855},
   year={1973},
   volume={3},
   edition=1
}
@unpublished{beck,
   author={Jon Beck},
   title={PQs and Heaps},
   month={3},
   year={2017},
   note={Presentation}
}

